@article{dewey2010need,
  title={The need for a philosophy of education (1934)},
  author={Dewey, John},
  journal={Schools},
  volume={7},
  number={2},
  pages={244--245},
  year={2010},
  publisher={The University of Chicago Press}
}